@misc{alicloud,
  title  = {阿里云-计算，为了无法计算的价值},
  howpublished = {\url{https://cn.aliyun.com/}},
  year   = {2023},
}

@misc{awscloud,
  title={AWS 云服务-专业的大数据和云计算服务以及云解决方案提供商},
  howpublished={\url{https://aws.amazon.com/cn/}},
  year = {2023}
}

@mics{tecentcloud,
  title={腾讯云 产业智变·云启未来 - 腾讯},
  howpublished={\url{https://cloud.tencent.com/}},
  year = {2023}
}

@mics{storj,
  title={{Storj - Make the world your data center}},
  howpublished={\url{https://www.storj.io/}},
  year = {2023}
}

@mics{Sia,
  title={{Sia - Decentralized data storage}},
  howpublished={\url{https://sia.tech/}},
  year = {2023}
}

@mics{ipfs,
  title={{IPFS Powers the Distributed Web}},
  howpublished={\url{https://ipfs.tech/}},
  year = {2023}
}

@mics{filecoin,
  title={一个为人类最重要的信息打造的分布式存储网络 | Filecoin},
  howpublished={\url{https://ipfs.tech/}},
  year = {2023}
}


@inproceedings{kohls2022verloc,
  title={{VerLoc: Verifiable Localization in Decentralized Systems}},
  author={Kohls, Katharina and Diaz, Claudia},
  booktitle={Proc. of USENIX Security},
  pages={2637-2654},
  year={2022}
}

@inproceedings{ethereum,
  author    = {Sergei Tikhomirov},
  title     = {{Ethereum: State of Knowledge and Research Perspectives}},
  booktitle = {Proc. of Foundations and Practice of Security},
  year      = {2017},
}

@ARTICLE{ownership-management,  
  author={Hur, Junbeom and Koo, Dongyoung and Shin, Youngjoo and Kang, Kyungtae},  
  journal={IEEE TKDE},   
  title={{Secure Data Deduplication with Dynamic Ownership Management in Cloud Storage}},   
  year={2016},  
  volume={28},  
  number={11},  
  pages={3113-3125},  
}

@inproceedings{DouceurAB2002,
  title={{Reclaiming Space from Duplicate Files in a Serverless Distributed File System}},
  author={Douceur, John R and Adya, Atul and Bolosky, William J and Simon, Dan and Theimer, Marvin},
  booktitle={Proc. of IEEE ICDCS},
  year={2002}
}

@inproceedings{MLE,
  title={{Message-Locked Encryption and Secure Deduplication}},
  author={Bellare, Mihir and Keelveedhi, Sriram and Ristenpart, Thomas},
  booktitle={Proc. of EUROCRYPT},
  year={2013}
}

@inproceedings{dupless,
  title={{DupLESS: Server-Aided Encryption for Deduplicated Storage}},
  author={Bellare, Mihir and Keelveedhi, Sriram and Ristenpart, Thomas},
  booktitle={Proc. of USENIX Security},
  year={2013}
}

@inproceedings{cui2018DSC,
  author    = {Helei Cui and Cong Wang and Yu Hua and Yuefeng Du and Xingliang Yuan},
  title     = {A Bandwidth-Efficient Middleware for Encrypted Deduplication},
  booktitle = {Proc. of IEEE DSC},
  year      = {2018},
}